% Doc:
%http://en.wikibooks.org/wiki/LaTeX/Bibliography_Management
%
% Ejemplo:
%http://amath.colorado.edu/documentation/LaTeX/basics/steps/BIBtex.html
%
% Campos requeridos por canetix:
%Autor - título del trabajo - título de la publicación - fecha - lugar de edición
%
% Citar un item:
%... en \cite{bib:nombre_del_paper} se muestra que la idea es una cagada
%

@misc{bib:jj_9dof,
author="José Julio",
title="Visual Python for Gyroscope Utilization",
year="2009",
url="http://edge.rit.edu/content/EDGE/public/Home"
}
